% Originalstudien
@article{jousset2018transcriptional,
  title={Transcriptional landscape of a blaKPC-2 plasmid and response to imipenem exposure in Escherichia coli TOP10},
  author={Jousset, Agn{\`e}s B and Rosinski-Chupin, Isabelle and Takissian, Julie and Glaser, Philippe and Bonnin, Remy A and Naas, Thierry},
  journal={Frontiers in microbiology},
  volume={9},
  pages={2929},
  year={2018},
  publisher={Frontiers}
}



@article{mensh2017ten,
  title={Ten simple rules for structuring papers},
  author={Mensh, Brett and Kording, Konrad},
  journal={PLoS computational biology},
  volume={13},
  number={9},
  pages={e1005619},
  year={2017},
  publisher={Public Library of Science}
}

@article{clissold1987imipenem,
  title={Imipenem/cilastatin},
  author={Clissold, Stephen P and Todd, Peter A and Campoli-Richards, Deborah M},
  journal={Drugs},
  volume={33},
  number={3},
  pages={183--241},
  year={1987},
  publisher={Springer}
}

@article{langmead2010,
  title={Aligning short sequencing reads with Bowtie},
  author={Langmead, Ben},
  journal={Current protocols in bioinformatics},
  volume={32},
  number={1},
  pages={11--7},
  year={2010},
  publisher={Wiley Online Library}
}

@online{bowtie,
  author = {Ben Langmead, Daehwan Kim, Rone Charles, Chris Wilks, Valentin Antonescu},
  title = {{Bowtie-bio} Bowtie2},
  url = {http://bowtie-bio.sourceforge.net/bowtie2/faq.shtml},
  urldate = {2019-02-29}
}

@article{benjamini,
  title={Controlling the false discovery rate: a practical and powerful approach to multiple testing},
  author={Benjamini, Yoav and Hochberg, Yosef},
  journal={Journal of the Royal statistical society: series B (Methodological)},
  volume={57},
  number={1},
  pages={289--300},
  year={1995},
  publisher={Wiley Online Library}
}

@article{love2014moderated_DESeq2,
  title={Moderated estimation of fold change and dispersion for RNA-seq data with DESeq2},
  author={Love, Michael I and Huber, Wolfgang and Anders, Simon},
  journal={Genome biology},
  volume={15},
  number={12},
  pages={550},
  year={2014},
  publisher={BioMed Central}
}

@article{lawrence2013software_gen_align,
  title={Software for computing and annotating genomic ranges},
  author={Lawrence, Michael and Huber, Wolfgang and Pages, Herv{\'e} and Aboyoun, Patrick and Carlson, Marc and Gentleman, Robert and Morgan, Martin T and Carey, Vincent J},
  journal={PLoS computational biology},
  volume={9},
  number={8},
  pages={e1003118},
  year={2013},
  publisher={Public Library of Science}
}

@article{morgan2016rsamtools,
  title={Rsamtools: Binary alignment (BAM), FASTA, variant call (BCF), and tabix file import},
  author={Morgan, Martin and Pages, Herve and Obenchain, V and Hayden, N},
  journal={R package version 1 34 1},
  volume={1},
  number={0},
  year={2018}
}

@article{peng2011reproducible,
  title={Reproducible research in computational science},
  author={Peng, Roger D},
  journal={Science},
  volume={334},
  number={6060},
  pages={1226--1227},
  year={2011},
  publisher={American Association for the Advancement of Science}
}

@article{plesser2018reproducibility,
  title={Reproducibility vs. replicability: a brief history of a confused terminology},
  author={Plesser, Hans E},
  journal={Frontiers in neuroinformatics},
  volume={11},
  pages={76},
  year={2018},
  publisher={Frontiers}
}

@article{goodman2016does,
  title={What does research reproducibility mean?},
  author={Goodman, Steven N and Fanelli, Daniele and Ioannidis, John PA},
  journal={Science translational medicine},
  volume={8},
  number={341},
  pages={341ps12--341ps12},
  year={2016},
  publisher={American Association for the Advancement of Science}
}

@article{rosinski2015single,
  title={Single nucleotide resolution RNA-seq uncovers new regulatory mechanisms in the opportunistic pathogen Streptococcus agalactiae},
  author={Rosinski-Chupin, Isabelle and Sauvage, Elisabeth and Sismeiro, Odile and Villain, Adrien and Da Cunha, Violette and Caliot, Marie-Elise and Dillies, Marie-Agn{\`e}s and Trieu-Cuot, Patrick and Bouloc, Philippe and Lartigue, Marie-Fr{\'e}d{\'e}rique and others},
  journal={BMC genomics},
  volume={16},
  number={1},
  pages={419},
  year={2015},
  publisher={BioMed Central}
}

@article{langmead2009,
  title={Ultrafast and memory-efficient alignment of short DNA sequences to the human genome},
  author={Langmead, Ben and Trapnell, Cole and Pop, Mihai and Salzberg, Steven L},
  journal={Genome biology},
  volume={10},
  number={3},
  pages={R25},
  year={2009},
  publisher={BioMed Central}
}

@article{li2009sequence_sam_tools,
  title={The sequence alignment/map format and SAMtools},
  author={Li, Heng and Handsaker, Bob and Wysoker, Alec and Fennell, Tim and Ruan, Jue and Homer, Nils and Marth, Gabor and Abecasis, Goncalo and Durbin, Richard},
  journal={Bioinformatics},
  volume={25},
  number={16},
  pages={2078--2079},
  year={2009},
  publisher={Oxford University Press}
}